<?xml version="1.0" encoding="UTF-8"?><collection xmlns="http://www.loc.gov/MARC21/slim"><record><leader>00456nam--2200133-i-4500</leader><controlfield tag="001">000027525</controlfield><controlfield tag="002">20161230</controlfield><controlfield tag="005">20161230201036</controlfield><controlfield tag="008">060222s1000------------r-----000-0-eng-d</controlfield><datafield ind1=" " ind2=" " tag="080"><subfield code="a">015:537.363:543.545</subfield></datafield><datafield ind1=" " ind2=" " tag="100"><subfield code="a">Lancelot, Francis</subfield></datafield><datafield ind1=" " ind2=" " tag="245"><subfield code="a">Etude theorique de l`electrophorese. application a la mesure des mobilites ioniques par l`observation d`une frontiere...mobile. these</subfield></datafield><datafield ind1=" " ind2=" " tag="260"><subfield code="a">Lyon, Univaersite Claudse Bernard, 1971, /P.Dif.</subfield></datafield><datafield ind1=" " ind2=" " tag="852"><subfield code="a">38139</subfield></datafield></record></collection>